@article{arvin2006comparison,
  title={Comparison of different SQL implementations},
  author={Arvin, Troels},
  journal={Troels Arvin's home page},
  year={2006}
}

@book{date1987guide,
  title={A Guide to the SQL Standard},
  author={Date, Chris J and Darwen, Hugh},
  volume={3},
  year={1987},
  publisher={Addison-Wesley New York}
}

@book{elmasri2008fundamentals,
  title={Fundamentals of database systems},
  author={Elmasri, Ramez},
  year={2008},
  publisher={Pearson Education India}
}

@article{ramakrishnan2000database,
  title={Database Management Systems . pdf},
  author={Ramakrishnan, Raghu},
  year={2000}
}

@misc{ullman2002database,
  title={Database Systems: The Complete Book},
  author={Ullman, Jeffrey D and Garcia-Molina, H and Widom, J},
  year={2002},
  publisher={Upper Saddle River}
}

@book{codd1990relational,
  title={The relational model for database management: version 2},
  author={Codd, Edgar F},
  year={1990},
  publisher={Addison-Wesley Longman Publishing Co., Inc.}
}