@article{1-arvin2006comparison,
  title={Comparison of different SQL implementations},
  author={Arvin, Troels},
  journal={Troels Arvin's home page},
  year={2006}
}

@book{2-date1987guide,
  title={A Guide to the SQL Standard},
  author={Date, Chris J and Darwen, Hugh},
  volume={3},
  year={1987},
  publisher={Addison-Wesley New York}
}

@misc{3-coelhodatafiller,
  title={DataFiller--generate random data from database schema},
   howpublished = {\url{https://www.cri.ensmp.fr/people/coelho/datafiller.html
}},
  author={Coelho, F},
  note = {Accessed: 2017-06-10}
}

@book{4-elmasri2008fundamentals,
  title={Fundamentals of database systems},
  author={Elmasri, Ramez},
  publisher={Pearson Education India}
}

@misc{{5-ISO/IEC9075-2,
  title = {{ISO/IEC9075-2}},
  howpublished = "\url{https://www.iso.org/standard/63556.html}",
  year = {2017},
  note = "Accessed: 2017-07-10
}

@article{6-ramakrishnan2000database,
  title={Database Management Systems . pdf},
  author={Ramakrishnan, Raghu},
  year={2000}
}

@misc{7-ullman2002database,
  title={Database Systems: The Complete Book},
  author={Ullman, Jeffrey D and Garcia-Molina, H and Widom, J},
  year={2002},
  publisher={Upper Saddle River}
}

@misc{8-Postgres,
  title = {{Postgres}},
  howpublished = "\url{https://www.postgresql.org/}",
  year = {2017},
  note = "Accessed: 2017-06-02"
}

@book{9-dd1990relational,
  title={The relational model for database management: version 2},
  author={Codd, Edgar F},
  year={1990},
  publisher={Addison-Wesley Longman Publishing Co., Inc.}
}

@article{12-zemke2012s,
  title={What. s new in SQL: 2011},
  author={Zemke, Fred},
  journal={ACM SIGMOD Record},
  volume={41},
  number={1},
  pages={67--73},
  year={2012},
  publisher={ACM}
}

@misc{13-Oracle,
  title = {{Oracle}},
  howpublished = "\url{https://docs.oracle.com/cd/B19306_01/server.102/b14200/sql_elements005.html}",
  year = {2017},
  note = "Accessed: 2017-07-24"
}

@article{14-guagliardo2017formal,
  title={A Formal Semantics of SQL Queries, Its Validation, and Applications},
  author={Guagliardo, Paolo and Libkin, Leonid},
  journal={Proceedings of the VLDB Endowment},
  volume={10},
  number={8},
  year={2017}
}

@techreport{15-codd1969derivability,
  title={Derivability, redundancy, and consistency of relations stored in large data banks},
  author={Codd, Edgar Frank},
  year={1969},
  institution={IBM Research Report}
}

@article{16-codd1970relational,
  title={A relational model of data for large shared data banks},
  author={Codd, Edgar F},
  journal={Communications of the ACM},
  volume={13},
  number={6},
  pages={377--387},
  year={1970},
  publisher={ACM}
}

@book{17-connolly2005database,
  title={Database systems: a practical approach to design, implementation, and management},
  author={Connolly, Thomas M and Begg, Carolyn E},
  year={2005},
  publisher={Pearson Education}
}

@misc{18-DataFillerTutorial,
  title = {{DataFillerTutorial}},
  author={Fabien Coelho},
  howpublished = "\url{http://blog.coelho.net/database/2013/12/01/datafiller-tutorial.html}",
  year = {2017},
  note = "Accessed: 2017-06-01"
}

@book{19-kline2004sql,
  title={SQL in a nutshell: a desktop quick reference},
  author={Kline, Kevin and Hunt, Brand and Kline, Daniel},
  year={2004},
  publisher={" O'Reilly Media, Inc."}
}

@misc{20-db-engines,
  title = {{DB Engines}},  
  howpublished = "\url{https://db-engines.com/en/ranking_trend}",
  year = {2017},
  note = "Accessed: 2017-08-03"
}

@article{21-eisenberg2004sql,
  title={SQL: 2003 has been published},
  author={Eisenberg, Andrew and Melton, Jim and Kulkarni, Krishna and Michels, Jan-Eike and Zemke, Fred},
  journal={ACM SIGMoD Record},
  volume={33},
  number={1},
  pages={119--126},
  year={2004},
  publisher={ACM}
}

@book{22-van1989sql,
  title={The SQL standard: a complete guide reference},
  author={Van Der Lans, Rick F},
  year={1989},
  publisher={Prentice Hall International (UK) Ltd.}
}

@article{23-deconinck2011database,
  title={Database systems: models, languages, design, and application programming},
  author={Deconinck, St{\'e}phane},
  year={2011},
  publisher={St{\'e}phane Deconinck}
}

@incollection{24-van1998logical,
  title={Logical approaches to incomplete information: A survey},
  author={van der Meyden, Ron},
  booktitle={Logics for databases and information systems},
  pages={307--356},
  year={1998},
  publisher={Springer}
}

@misc{25-TPC-HBenchmark,
  title = {{DB Engines}},  
  howpublished = "\url{https://db-engines.com/en/ranking_trend}",
  year = {2017},
  note = "Accessed: 2017-08-03"
}

@inproceedings{26-guagliardo2016making,
  title={Making SQL queries correct on incomplete databases: a feasibility study},
  author={Guagliardo, Paolo and Libkin, Leonid},
  booktitle={Proceedings of the 35th ACM SIGMOD-SIGACT-SIGAI Symposium on Principles of Database Systems},
  pages={211--223},
  year={2016},
  organization={ACM}
}

@article{27-imielinski1984incomplete,
  title={Incomplete information in relational databases},
  author={Imieli{\'n}ski, Tomasz and Lipski Jr, Witold},
  journal={Journal of the ACM (JACM)},
  volume={31},
  number={4},
  pages={761--791},
  year={1984},
  publisher={ACM}
}

@article{28-chen2010adaptive,
  title={Adaptive random testing: The art of test case diversity},
  author={Chen, Tsong Yueh and Kuo, Fei-Ching and Merkel, Robert G and Tse, TH},
  journal={Journal of Systems and Software},
  volume={83},
  number={1},
  pages={60--66},
  year={2010},
  publisher={Elsevier}
}

